@Article{stegle2015computational,
    Author="Stegle, O.  and Teichmann, S. A.  and Marioni, J. C. ",
    Title="{{C}omputational and analytical challenges in single-cell transcriptomics}",
    Journal="Nat. Rev. Genet.",
    Year="2015",
    Volume="16",
    Number="3",
    Pages="133--145",
    Month="Mar"
}

@Article{macosko2015highly,
    Author="Macosko, E. Z.  and Basu, A.  and Satija, R.  and Nemesh, J.  and Shekhar, K.  and Goldman, M.  and Tirosh, I.  and Bialas, A. R.  and Kamitaki, N.  and Martersteck, E. M.  and Trombetta, J. J.  and Weitz, D. A.  and Sanes, J. R.  and Shalek, A. K.  and Regev, A.  and McCarroll, S. A. ",
    Title="{{H}ighly parallel genome-wide expression profiling of individual cells using nanoliter droplets}",
    Journal="Cell",
    Year="2015",
    Volume="161",
    Number="5",
    Pages="1202--1214",
    Month="May"
}

@Article{klein2015droplet,
    Author="Klein, A. M.  and Mazutis, L.  and Akartuna, I.  and Tallapragada, N.  and Veres, A.  and Li, V.  and Peshkin, L.  and Weitz, D. A.  and Kirschner, M. W. ",
    Title="{{D}roplet barcoding for single-cell transcriptomics applied to embryonic stem cells}",
    Journal="Cell",
    Year="2015",
    Volume="161",
    Number="5",
    Pages="1187--1201",
    Month="May"
}

@Article{islam2014quantitative,
    Author="Islam, S.  and Zeisel, A.  and Joost, S.  and La Manno, G.  and Zajac, P.  and Kasper, M.  and Lonnerberg, P.  and Linnarsson, S. ",
    Title="{{Q}uantitative single-cell {R}{N}{A}-seq with unique molecular identifiers}",
    Journal="Nat. Methods",
    Year="2014",
    Volume="11",
    Number="2",
    Pages="163--166",
    Month="Feb"
}

@Article{anders2010differential,
    Author="Anders, S.  and Huber, W. ",
    Title="{{D}ifferential expression analysis for sequence count data}",
    Journal="Genome Biol.",
    Year="2010",
    Volume="11",
    Number="10",
    Pages="R106"
}

@Article{robinson2010scaling,
    Author="Robinson, M. D.  and Oshlack, A. ",
    Title="{{A} scaling normalization method for differential expression analysis of {R}{N}{A}-seq data}",
    Journal="Genome Biol.",
    Year="2010",
    Volume="11",
    Number="3",
    Pages="R25"
}

